@article{Bryant1986, 
	author = {Bryant, Randal E.}, 
	title = {Graph-Based Algorithms for Boolean Function Manipulation}, 
	journal = {IEEE Trans. Comput.}, 
	issue_date = {August 1986}, volume = {35}, 
	number = {8}, 
	month = aug, 
	year = {1986}, 
	issn = {0018-9340}, 
	pages = {677--691}, 
	numpages = {15}, 
	url = {http://dx.doi.org/10.1109/TC.1986.1676819}, 
	doi = {10.1109/TC.1986.1676819}, 
	acmid = {6433}, 
	publisher = {IEEE Computer Society}, address = {Washington, DC, USA}, 
	keywords = {Boolean functions, binary decision diagrams, logic design verification, symbolic manipulation, symbolic manipulation, Boolean functions, binary decision diagrams, logic design verification}, 
}

@article{Somenzi1999,
	title = {Binary Decision Diagrams},
	author = {Fabio Somenzi},
	year = {1999}
	url = {http://www.ecs.umass.edu/ece/labs/vlsicad/ece667/reading/somenzi99bdd.pdf},
}

@misc{queen8,
	title = {Eight queens puzzle},
	url = {https://en.wikipedia.org/wiki/Eight_queens_puzzle},
}
